@book{pml1Book,
 author = "Kevin P. Murphy",
 title = "Probabilistic Machine Learning: An introduction",
 publisher = "MIT Press",
 year = 2022,
 howpublished = {\url{http://probml.github.io/book1}}
}

@book{TSA_Box,
 author = {George E. P. Box, Gwilym M. Jenkins, Gregory C. Reinsel and Greta M. Ljung},
 title = {Time Series Analysis: Forecasting and Control},
 edition = {Fifth Edition},
 publisher = {Wiley},
 year = {2015},
}

@book{Forecasting_Hyndman,
 author = {Rob J. Hyndman and George Athanasopoulos},
 title = {Forecasting: principles and practice},
 publisher = {OTexts},
 year = {2013},
}

@book{Forecasting_Brockwell,
 author = {Brockwell P. J. and Davis R. A.},
 title = {Introduction to Time Series and Forecasting},
 edition = {Third Edition},
 publisher = {Springer},
 year = {2016},
}

@misc{silso,
    title = {Sunspot Number Data},
    author = {WDC-SILSO, Royal Observatory of Belgium, Brussels},
    year = {2023},
    howpublished = {\url{https://www.sidc.be/SILSO/datafiles}},
    note = {Source: WDC-SILSO, Royal Observatory of Belgium, Brussels}
}

@book{TSA_Hamilton,
 author = {James D. Hamilton},
 title = {Time Series Analysis},
 publisher = {Princeton University Press},
 year = {1994},
}

@misc{wiki_boxplot,
  author = {Wikipedia contributors},
  publisher = {Wikipedia, The Free Encyclopedia},
  title  = {Box plot},
  year   = {2025},
  note   = {[Online; accessed 2023-28-03]},
  howpublished = {\url{https://en.wikipedia.org/wiki/Box_plot}}
}

@book{Forecasting_Brownlee,
  author = {Jason Brownlee},
  publisher = {Machine Learning Mastery},
  title = "Introduction to Time Series Forecasting with Python: How to Prepare Data and Develop Models to Predict the Future",
  year = 2020,
  edition = {v1.9},
}
